@article{xiong2016achieving,
	title={Achieving human parity in conversational speech recognition},
	author={Xiong, Wayne and Droppo, Jasha and Huang, Xuedong and Seide, Frank and Seltzer, Mike and Stolcke, Andreas and Yu, Dong and Zweig, Geoffrey},
	journal={arXiv preprint arXiv:1610.05256},
	year={2016}
}
@inproceedings{lopez2017alexa,
	title={Alexa vs. Siri vs. Cortana vs. Google Assistant: a comparison of speech-based natural user interfaces},
	author={L{\'o}pez, Gustavo and Quesada, Luis and Guerrero, Luis A},
	booktitle={International Conference on Applied Human Factors and Ergonomics},
	pages={241--250},
	year={2017},
	organization={Springer}
}
@inproceedings{muller2016lecture,
	title={Lecture Translator-Speech translation framework for simultaneous lecture translation},
	author={M{\"u}ller, Markus and Nguyen, Thai Son and Niehues, Jan and Cho, Eunah and Kr{\"u}ger, Bastian and Ha, Thanh-Le and Kilgour, Kevin and Sperber, Matthias and Mediani, Mohammed and St{\"u}ker, Sebastian and others},
	booktitle={Proceedings of the 2016 Conference of the North American Chapter of the Association for Computational Linguistics: Demonstrations},
	pages={82--86},
	year={2016}
}
@article{yoshioka2012making,
	title={Making machines understand us in reverberant rooms: Robustness against reverberation for automatic speech recognition},
	author={Yoshioka, Takuya and Sehr, Armin and Delcroix, Marc and Kinoshita, Keisuke and Maas, Roland and Nakatani, Tomohiro and Kellermann, Walter},
	journal={IEEE Signal Processing Magazine},
	volume={29},
	number={6},
	pages={114--126},
	year={2012},
	publisher={IEEE}
}

@book{leon2015signale,
	title={Signale und Systeme},
	author={Le{\'o}n, Fernando Puente and J{\"a}kel, Holger},
	year={2015},
	publisher={Walter de Gruyter GmbH \& Co KG}
}

@inproceedings{ritter2016training,
	title={Training Deep Neural Networks for Reverberation Robust Speech Recognition},
	author={Ritter, Marvin and Mueller, Markus and Stueker, Sebastian and Metze, Florian and Waibel, Alex},
	booktitle={Speech Communication; 12. ITG Symposium; Proceedings of},
	pages={1--5},
	year={2016},
	organization={VDE}
}
@inproceedings{jeub2009binaural,
	title={A binaural room impulse response database for the evaluation of dereverberation algorithms},
	author={Jeub, Marco and Schafer, Magnus and Vary, Peter},
	booktitle={Digital Signal Processing, 2009 16th International Conference on},
	pages={1--5},
	year={2009},
	organization={IEEE}
}
@article{gabor1946theory,
	title={Theory of communication. Part 1: The analysis of information},
	author={Gabor, Dennis},
	journal={Journal of the Institution of Electrical Engineers-Part III: Radio and Communication Engineering},
	volume={93},
	number={26},
	pages={429--441},
	year={1946},
	publisher={IET}
}
@article{hornik1989multilayer,
	title={Multilayer feedforward networks are universal approximators},
	author={Hornik, Kurt and Stinchcombe, Maxwell and White, Halbert},
	journal={Neural networks},
	volume={2},
	number={5},
	pages={359--366},
	year={1989},
	publisher={Elsevier}
}
@article{rosenblatt1958perceptron,
	title={The perceptron: a probabilistic model for information storage and organization in the brain.},
	author={Rosenblatt, Frank},
	journal={Psychological review},
	volume={65},
	number={6},
	pages={386},
	year={1958},
	publisher={American Psychological Association}
}
@book{Goodfellow-et-al-2016,
	title={Deep Learning},
	author={Ian Goodfellow and Yoshua Bengio and Aaron Courville},
	publisher={MIT Press},
	note={\url{http://www.deeplearningbook.org}},
	year={2016}
}
@inproceedings{krizhevsky2012imagenet,
	title={Imagenet classification with deep convolutional neural networks},
	author={Krizhevsky, Alex and Sutskever, Ilya and Hinton, Geoffrey E},
	booktitle={Advances in neural information processing systems},
	pages={1097--1105},
	year={2012}
}
@inproceedings{zhang2014improving,
	title={Improving deep neural network acoustic models using generalized maxout networks},
	author={Zhang, Xiaohui and Trmal, Jan and Povey, Daniel and Khudanpur, Sanjeev},
	booktitle={Acoustics, Speech and Signal Processing (ICASSP), 2014 IEEE International Conference on},
	pages={215--219},
	year={2014},
	organization={IEEE}
}
@article{thoma2017analysis,
	title={Analysis and Optimization of Convolutional Neural Network Architectures},
	author={Thoma, Martin},
	journal={arXiv preprint arXiv:1707.09725},
	year={2017}
}